%%%% Guide til bibtex og litteratur.bib %%%%

% Alle kilder angives efter Harvard-metoden og vil i rapporten fremstaa med [FORFATTER, AAR] eller mere praecist [EFTERNAVN, AAR].

% Nederst findes eksempler paa kildeangivelser af typerne manual, book, article, techreport og misc.
	% - Manual bruges ved henvisninger fra internettet, idet \url-funktionen findes her
	% - Book bruges ved helt almindelige boeger
	% - Article bruges ved artikler og udgivelser
	% - Techreport kan bruges ved mindre udgivelser, hvor kun titel, forfatter og AAR er noedvendig eller tilgaengelig
	% - Misc kan bruges ved det, der falder udenfor de andre kategorier - interview, forelaesninger, foredrag osv. 

% Hvis der er flere forfattere paa en kilde, SKAL de listes med 'and' imellem dem - ogsaa ved 3 og derover (f.eks. FORFATTER 1 and FORFATTER 2 and FORFATTER 3). NAAR kildelisten bygges i rapporten, vil der ved 2 forfattere komme til at staa [EFTERNAVN 1 og EFTERNAVN 2, AAR] og ved 3 forfattere og derover komme til at staa [EFTERNAVN 1 et. al, AAR]. 

% Ved almindelige forfatternavne skal der vaere ét saet tuborg-parenteser ved Author (f.eks. author = {H. C. Andersen}). Ved andre navne (f.eks. virksomheder, hjemmesider, grupper, raad, naevn osv.) skal der vaere 2 saet tuborg-parenteser ved Author (f.eks. author = {{Dansk Standard}}). Begrundelse: med 2 saet tuborg-parenteser skrives hele parentesen ud som forfatter, [Dansk Standard, AAR]. Alternativt ville der i eksemplet bare komme til at staa [Standard, AAR].

%-----------------------------------------------------%

%%%% EKSEMPLER (manual, book, article, techreport og misc) %%%%

%%%% SYNTAX: http://en.wikibooks.org/wiki/LaTeX/Bibliography_Management %%%%
%%%% "+" = punkter der SKAL være i kategorien	 %%%%
%%%% Kopier evt. skabeloner fra hjemmesiden :) %%%%

@misc
{
	website:atan,
	author = "dspGuru fp atan2",
      	title = "DSP Trick: Fixed-Point Atan2 With Self Normalization",
      	month = "April",
      	year = "1999",
      	url = "http://dspguru.com//dsp/tricks/fixed-point-atan2-with-self-normalization"
},

@misc{
	website:Mathworks,
	author = "Mathworks",
      	title = "max ",
      	month = "",
      	year = "1994-2015",
      	url = "http://se.mathworks.com/help/matlab/ref/max.html?searchHighlight=max"
},

@misc
{
	website:Cypress,
	author = "Cypress",
    title = "CY8CKIT-042 PSoC 4 Pioneer Kit",
    month = "Februar",
    year = "2014",
    url = "http://www.cypress.com/?rid=77780"
},

@misc
{
	website:PSoC_Creator,
	author = "Cypress",
    title = "Cypress PSoC Creator 3",
    month = "Januar",
    year = "2015",
    url = "http://www.cypress.com/psoccreator/"
},


@misc
{
	website:Clinometer,
	author = "Plaincode",
    title = "Clinometer by Plaincode",
    month = "Juli",
    year = "2014",
    version = "2.0",
    url = "http://www.plaincode.com/products/clinometer/"
},

@misc
{
	website:Samsung,
	author = "Samsung",
    title = "Samsung Galaxy S4 Mini",
    month = "Januar",
    year = "2015",
    url = "http://www.samsung.com/dk/consumer/mobile-devices/smartphones/galaxy-s/GT-I9195ZWANEE"
},

@misc
{
	website:Mobizen,
	author = "RSUPPORT Co., Ltd.",
    title = "Mobizen by RSUPPORT Co., Ltd.",
    month = "April",
    year = "2015",
    version = "2.14.0.5",
    url = "https://mobizen.com/"
},

@misc
{
	website:Excel,
	author = "Microsoft Corporation",
    title = "Microsoft Office Excel",
    month = "Oktober",
    year = "2013",
    version = "Excel 2013 (v15.0)",
    url = "https://products.office.com/da-dk/excel"
},

@misc
{
	website:Windows_8_1,
	author = "Microsoft Corporation",
    title = "Microsoft Windows 8.1",
    month = "April",
    year = "2014",
    version = "8.1",
    url = "http://www.microsoftstore.com/store/mseea/da_DK/pdp/Windows-8.1/productID.288573000"
},

@misc
{
	cd,
	author = "Bilags-CD",
	title = "CD med bilag tilhørende E4GRP1",
	year	 = "2015" 
}


@manual
{
	I2C,
	author = "Philips",
    title = "UM10204\_I2C",
    month = "April",
    year = "2014",
    edition = "Rev. 6"
}